%YAML 1.1
%TAG !u! tag:unity3d.com,2011:
--- !u!29 &1
OcclusionCullingSettings:
  m_ObjectHideFlags: 0
  serializedVersion: 2
  m_OcclusionBakeSettings:
    smallestOccluder: 5
    smallestHole: 0.25
    backfaceThreshold: 100
  m_SceneGUID: 00000000000000000000000000000000
  m_OcclusionCullingData: {fileID: 0}
--- !u!104 &2
RenderSettings:
  m_ObjectHideFlags: 0
  serializedVersion: 9
  m_Fog: 0
  m_FogColor: {r: 0.5, g: 0.5, b: 0.5, a: 1}
  m_FogMode: 3
  m_FogDensity: 0.01
  m_LinearFogStart: 0
  m_LinearFogEnd: 300
  m_AmbientSkyColor: {r: 0.212, g: 0.227, b: 0.259, a: 1}
  m_AmbientEquatorColor: {r: 0.114, g: 0.125, b: 0.133, a: 1}
  m_AmbientGroundColor: {r: 0.047, g: 0.043, b: 0.035, a: 1}
  m_AmbientIntensity: 1
  m_AmbientMode: 0
  m_SubtractiveShadowColor: {r: 0.42, g: 0.478, b: 0.627, a: 1}
  m_SkyboxMaterial: {fileID: 10304, guid: 0000000000000000f000000000000000, type: 0}
  m_HaloStrength: 0.5
  m_FlareStrength: 1
  m_FlareFadeSpeed: 3
  m_HaloTexture: {fileID: 0}
  m_SpotCookie: {fileID: 10001, guid: 0000000000000000e000000000000000, type: 0}
  m_DefaultReflectionMode: 0
  m_DefaultReflectionResolution: 128
  m_ReflectionBounces: 1
  m_ReflectionIntensity: 1
  m_CustomReflection: {fileID: 0}
  m_Sun: {fileID: 705507994}
  m_IndirectSpecularColor: {r: 0.18028378, g: 0.22571412, b: 0.30692285, a: 1}
  m_UseRadianceAmbientProbe: 0
--- !u!157 &3
LightmapSettings:
  m_ObjectHideFlags: 0
  serializedVersion: 12
  m_GIWorkflowMode: 1
  m_GISettings:
    serializedVersion: 2
    m_BounceScale: 1
    m_IndirectOutputScale: 1
    m_AlbedoBoost: 1
    m_EnvironmentLightingMode: 0
    m_EnableBakedLightmaps: 1
    m_EnableRealtimeLightmaps: 0
  m_LightmapEditorSettings:
    serializedVersion: 12
    m_Resolution: 2
    m_BakeResolution: 40
    m_AtlasSize: 1024
    m_AO: 0
    m_AOMaxDistance: 1
    m_CompAOExponent: 1
    m_CompAOExponentDirect: 0
    m_ExtractAmbientOcclusion: 0
    m_Padding: 2
    m_LightmapParameters: {fileID: 0}
    m_LightmapsBakeMode: 1
    m_TextureCompression: 1
    m_FinalGather: 0
    m_FinalGatherFiltering: 1
    m_FinalGatherRayCount: 256
    m_ReflectionCompression: 2
    m_MixedBakeMode: 2
    m_BakeBackend: 1
    m_PVRSampling: 1
    m_PVRDirectSampleCount: 32
    m_PVRSampleCount: 500
    m_PVRBounces: 2
    m_PVREnvironmentSampleCount: 500
    m_PVREnvironmentReferencePointCount: 2048
    m_PVRFilteringMode: 2
    m_PVRDenoiserTypeDirect: 0
    m_PVRDenoiserTypeIndirect: 0
    m_PVRDenoiserTypeAO: 0
    m_PVRFilterTypeDirect: 0
    m_PVRFilterTypeIndirect: 0
    m_PVRFilterTypeAO: 0
    m_PVREnvironmentMIS: 0
    m_PVRCulling: 1
    m_PVRFilteringGaussRadiusDirect: 1
    m_PVRFilteringGaussRadiusIndirect: 5
    m_PVRFilteringGaussRadiusAO: 2
    m_PVRFilteringAtrousPositionSigmaDirect: 0.5
    m_PVRFilteringAtrousPositionSigmaIndirect: 2
    m_PVRFilteringAtrousPositionSigmaAO: 1
    m_ExportTrainingData: 0
    m_TrainingDataDestination: TrainingData
    m_LightProbeSampleCountMultiplier: 4
  m_LightingDataAsset: {fileID: 0}
  m_LightingSettings: {fileID: 0}
--- !u!196 &4
NavMeshSettings:
  serializedVersion: 2
  m_ObjectHideFlags: 0
  m_BuildSettings:
    serializedVersion: 2
    agentTypeID: 0
    agentRadius: 0.5
    agentHeight: 2
    agentSlope: 45
    agentClimb: 0.4
    ledgeDropHeight: 0
    maxJumpAcrossDistance: 0
    minRegionArea: 2
    manualCellSize: 0
    cellSize: 0.16666667
    manualTileSize: 0
    tileSize: 256
    accuratePlacement: 0
    maxJobWorkers: 0
    preserveTilesOutsideBounds: 0
    debug:
      m_Flags: 0
  m_NavMeshData: {fileID: 0}
--- !u!1001 &17585930
PrefabInstance:
  m_ObjectHideFlags: 0
  serializedVersion: 2
  m_Modification:
    m_TransformParent: {fileID: 89711086}
    m_Modifications:
    - target: {fileID: 1322672732093859771, guid: c69d84a3cadb94e45af0210c52e5728d, type: 3}
      propertyPath: m_Name
      value: Indicators.ObjectPointers.Curved
      objectReference: {fileID: 0}
    - target: {fileID: 1977522402952244861, guid: c69d84a3cadb94e45af0210c52e5728d, type: 3}
      propertyPath: m_RootOrder
      value: 0
      objectReference: {fileID: 0}
    - target: {fileID: 1977522402952244861, guid: c69d84a3cadb94e45af0210c52e5728d, type: 3}
      propertyPath: m_LocalPosition.x
      value: 0
      objectReference: {fileID: 0}
    - target: {fileID: 1977522402952244861, guid: c69d84a3cadb94e45af0210c52e5728d, type: 3}
      propertyPath: m_LocalPosition.y
      value: 0
      objectReference: {fileID: 0}
    - target: {fileID: 1977522402952244861, guid: c69d84a3cadb94e45af0210c52e5728d, type: 3}
      propertyPath: m_LocalPosition.z
      value: 0
      objectReference: {fileID: 0}
    - target: {fileID: 1977522402952244861, guid: c69d84a3cadb94e45af0210c52e5728d, type: 3}
      propertyPath: m_LocalRotation.w
      value: 1
      objectReference: {fileID: 0}
    - target: {fileID: 1977522402952244861, guid: c69d84a3cadb94e45af0210c52e5728d, type: 3}
      propertyPath: m_LocalRotation.x
      value: 0
      objectReference: {fileID: 0}
    - target: {fileID: 1977522402952244861, guid: c69d84a3cadb94e45af0210c52e5728d, type: 3}
      propertyPath: m_LocalRotation.y
      value: 0
      objectReference: {fileID: 0}
    - target: {fileID: 1977522402952244861, guid: c69d84a3cadb94e45af0210c52e5728d, type: 3}
      propertyPath: m_LocalRotation.z
      value: 0
      objectReference: {fileID: 0}
    - target: {fileID: 1977522402952244861, guid: c69d84a3cadb94e45af0210c52e5728d, type: 3}
      propertyPath: m_LocalEulerAnglesHint.x
      value: 0
      objectReference: {fileID: 0}
    - target: {fileID: 1977522402952244861, guid: c69d84a3cadb94e45af0210c52e5728d, type: 3}
      propertyPath: m_LocalEulerAnglesHint.y
      value: 0
      objectReference: {fileID: 0}
    - target: {fileID: 1977522402952244861, guid: c69d84a3cadb94e45af0210c52e5728d, type: 3}
      propertyPath: m_LocalEulerAnglesHint.z
      value: 0
      objectReference: {fileID: 0}
    - target: {fileID: 2402421270702372836, guid: c69d84a3cadb94e45af0210c52e5728d, type: 3}
      propertyPath: followSource
      value: 
      objectReference: {fileID: 73624093}
    - target: {fileID: 2402421270702372836, guid: c69d84a3cadb94e45af0210c52e5728d, type: 3}
      propertyPath: selectionAction
      value: 
      objectReference: {fileID: 1760040144}
    - target: {fileID: 2402421270702372836, guid: c69d84a3cadb94e45af0210c52e5728d, type: 3}
      propertyPath: activationAction
      value: 
      objectReference: {fileID: 1760040145}
    - target: {fileID: 2402421270702372836, guid: c69d84a3cadb94e45af0210c52e5728d, type: 3}
      propertyPath: Selected.m_PersistentCalls.m_Calls.Array.size
      value: 1
      objectReference: {fileID: 0}
    - target: {fileID: 2402421270702372836, guid: c69d84a3cadb94e45af0210c52e5728d, type: 3}
      propertyPath: Selected.m_PersistentCalls.m_Calls.Array.data[0].m_Mode
      value: 0
      objectReference: {fileID: 0}
    - target: {fileID: 2402421270702372836, guid: c69d84a3cadb94e45af0210c52e5728d, type: 3}
      propertyPath: Selected.m_PersistentCalls.m_Calls.Array.data[0].m_Target
      value: 
      objectReference: {fileID: 1449121440}
    - target: {fileID: 2402421270702372836, guid: c69d84a3cadb94e45af0210c52e5728d, type: 3}
      propertyPath: Selected.m_PersistentCalls.m_Calls.Array.data[0].m_CallState
      value: 2
      objectReference: {fileID: 0}
    - target: {fileID: 2402421270702372836, guid: c69d84a3cadb94e45af0210c52e5728d, type: 3}
      propertyPath: Selected.m_PersistentCalls.m_Calls.Array.data[0].m_MethodName
      value: Teleport
      objectReference: {fileID: 0}
    - target: {fileID: 2402421270702372836, guid: c69d84a3cadb94e45af0210c52e5728d, type: 3}
      propertyPath: Selected.m_PersistentCalls.m_Calls.Array.data[0].m_TargetAssemblyTypeName
      value: Tilia.Locomotors.Teleporter.TeleporterFacade, Tilia.Locomotors.Teleporter.Unity.Runtime
      objectReference: {fileID: 0}
    - target: {fileID: 2402421270702372836, guid: c69d84a3cadb94e45af0210c52e5728d, type: 3}
      propertyPath: Selected.m_PersistentCalls.m_Calls.Array.data[0].m_Arguments.m_ObjectArgumentAssemblyTypeName
      value: UnityEngine.Object, UnityEngine
      objectReference: {fileID: 0}
    m_RemovedComponents: []
  m_SourcePrefab: {fileID: 100100000, guid: c69d84a3cadb94e45af0210c52e5728d, type: 3}
--- !u!4 &17585931 stripped
Transform:
  m_CorrespondingSourceObject: {fileID: 1977522402952244861, guid: c69d84a3cadb94e45af0210c52e5728d, type: 3}
  m_PrefabInstance: {fileID: 17585930}
  m_PrefabAsset: {fileID: 0}
--- !u!1001 &73624091
PrefabInstance:
  m_ObjectHideFlags: 0
  serializedVersion: 2
  m_Modification:
    m_TransformParent: {fileID: 738379586}
    m_Modifications:
    - target: {fileID: 1540271613746846, guid: 114b3c3ce4645364a97c8f0803bed65b, type: 3}
      propertyPath: m_Name
      value: CameraRigs.TrackedAlias
      objectReference: {fileID: 0}
    - target: {fileID: 4419020640412130, guid: 114b3c3ce4645364a97c8f0803bed65b, type: 3}
      propertyPath: m_RootOrder
      value: 0
      objectReference: {fileID: 0}
    - target: {fileID: 4419020640412130, guid: 114b3c3ce4645364a97c8f0803bed65b, type: 3}
      propertyPath: m_LocalPosition.x
      value: 0
      objectReference: {fileID: 0}
    - target: {fileID: 4419020640412130, guid: 114b3c3ce4645364a97c8f0803bed65b, type: 3}
      propertyPath: m_LocalPosition.y
      value: 0
      objectReference: {fileID: 0}
    - target: {fileID: 4419020640412130, guid: 114b3c3ce4645364a97c8f0803bed65b, type: 3}
      propertyPath: m_LocalPosition.z
      value: 0
      objectReference: {fileID: 0}
    - target: {fileID: 4419020640412130, guid: 114b3c3ce4645364a97c8f0803bed65b, type: 3}
      propertyPath: m_LocalRotation.w
      value: 1
      objectReference: {fileID: 0}
    - target: {fileID: 4419020640412130, guid: 114b3c3ce4645364a97c8f0803bed65b, type: 3}
      propertyPath: m_LocalRotation.x
      value: 0
      objectReference: {fileID: 0}
    - target: {fileID: 4419020640412130, guid: 114b3c3ce4645364a97c8f0803bed65b, type: 3}
      propertyPath: m_LocalRotation.y
      value: 0
      objectReference: {fileID: 0}
    - target: {fileID: 4419020640412130, guid: 114b3c3ce4645364a97c8f0803bed65b, type: 3}
      propertyPath: m_LocalRotation.z
      value: 0
      objectReference: {fileID: 0}
    - target: {fileID: 4419020640412130, guid: 114b3c3ce4645364a97c8f0803bed65b, type: 3}
      propertyPath: m_LocalEulerAnglesHint.x
      value: 0
      objectReference: {fileID: 0}
    - target: {fileID: 4419020640412130, guid: 114b3c3ce4645364a97c8f0803bed65b, type: 3}
      propertyPath: m_LocalEulerAnglesHint.y
      value: 0
      objectReference: {fileID: 0}
    - target: {fileID: 4419020640412130, guid: 114b3c3ce4645364a97c8f0803bed65b, type: 3}
      propertyPath: m_LocalEulerAnglesHint.z
      value: 0
      objectReference: {fileID: 0}
    - target: {fileID: 960702652617744129, guid: 114b3c3ce4645364a97c8f0803bed65b, type: 3}
      propertyPath: elements.Array.size
      value: 1
      objectReference: {fileID: 0}
    - target: {fileID: 960702652617744129, guid: 114b3c3ce4645364a97c8f0803bed65b, type: 3}
      propertyPath: elements.Array.data[0]
      value: 
      objectReference: {fileID: 270879268}
    m_RemovedComponents: []
  m_SourcePrefab: {fileID: 100100000, guid: 114b3c3ce4645364a97c8f0803bed65b, type: 3}
--- !u!4 &73624092 stripped
Transform:
  m_CorrespondingSourceObject: {fileID: 4419020640412130, guid: 114b3c3ce4645364a97c8f0803bed65b, type: 3}
  m_PrefabInstance: {fileID: 73624091}
  m_PrefabAsset: {fileID: 0}
--- !u!1 &73624093 stripped
GameObject:
  m_CorrespondingSourceObject: {fileID: 1390416002302802, guid: 114b3c3ce4645364a97c8f0803bed65b, type: 3}
  m_PrefabInstance: {fileID: 73624091}
  m_PrefabAsset: {fileID: 0}
--- !u!1 &73624094 stripped
GameObject:
  m_CorrespondingSourceObject: {fileID: 1756652776302202, guid: 114b3c3ce4645364a97c8f0803bed65b, type: 3}
  m_PrefabInstance: {fileID: 73624091}
  m_PrefabAsset: {fileID: 0}
--- !u!1 &73624095 stripped
GameObject:
  m_CorrespondingSourceObject: {fileID: 1458957959020712, guid: 114b3c3ce4645364a97c8f0803bed65b, type: 3}
  m_PrefabInstance: {fileID: 73624091}
  m_PrefabAsset: {fileID: 0}
--- !u!1 &89711085
GameObject:
  m_ObjectHideFlags: 0
  m_CorrespondingSourceObject: {fileID: 0}
  m_PrefabInstance: {fileID: 0}
  m_PrefabAsset: {fileID: 0}
  serializedVersion: 6
  m_Component:
  - component: {fileID: 89711086}
  m_Layer: 0
  m_Name: ObjectPointers
  m_TagString: Untagged
  m_Icon: {fileID: 0}
  m_NavMeshLayer: 0
  m_StaticEditorFlags: 0
  m_IsActive: 1
--- !u!4 &89711086
Transform:
  m_ObjectHideFlags: 0
  m_CorrespondingSourceObject: {fileID: 0}
  m_PrefabInstance: {fileID: 0}
  m_PrefabAsset: {fileID: 0}
  m_GameObject: {fileID: 89711085}
  m_LocalRotation: {x: 0, y: 0, z: 0, w: 1}
  m_LocalPosition: {x: 0, y: 0, z: 0}
  m_LocalScale: {x: 1, y: 1, z: 1}
  m_ConstrainProportionsScale: 0
  m_Children:
  - {fileID: 17585931}
  m_Father: {fileID: 1003323245}
  m_RootOrder: 1
  m_LocalEulerAnglesHint: {x: 0, y: 0, z: 0}
--- !u!1001 &270879266
PrefabInstance:
  m_ObjectHideFlags: 0
  serializedVersion: 2
  m_Modification:
    m_TransformParent: {fileID: 738379586}
    m_Modifications:
    - target: {fileID: 6250577539179111349, guid: 319c9c4cb939912429c7786a67e40f0d, type: 3}
      propertyPath: m_RootOrder
      value: 1
      objectReference: {fileID: 0}
    - target: {fileID: 6250577539179111349, guid: 319c9c4cb939912429c7786a67e40f0d, type: 3}
      propertyPath: m_LocalPosition.x
      value: 0
      objectReference: {fileID: 0}
    - target: {fileID: 6250577539179111349, guid: 319c9c4cb939912429c7786a67e40f0d, type: 3}
      propertyPath: m_LocalPosition.y
      value: 0
      objectReference: {fileID: 0}
    - target: {fileID: 6250577539179111349, guid: 319c9c4cb939912429c7786a67e40f0d, type: 3}
      propertyPath: m_LocalPosition.z
      value: 0
      objectReference: {fileID: 0}
    - target: {fileID: 6250577539179111349, guid: 319c9c4cb939912429c7786a67e40f0d, type: 3}
      propertyPath: m_LocalRotation.w
      value: 1
      objectReference: {fileID: 0}
    - target: {fileID: 6250577539179111349, guid: 319c9c4cb939912429c7786a67e40f0d, type: 3}
      propertyPath: m_LocalRotation.x
      value: 0
      objectReference: {fileID: 0}
    - target: {fileID: 6250577539179111349, guid: 319c9c4cb939912429c7786a67e40f0d, type: 3}
      propertyPath: m_LocalRotation.y
      value: 0
      objectReference: {fileID: 0}
    - target: {fileID: 6250577539179111349, guid: 319c9c4cb939912429c7786a67e40f0d, type: 3}
      propertyPath: m_LocalRotation.z
      value: 0
      objectReference: {fileID: 0}
    - target: {fileID: 6250577539179111349, guid: 319c9c4cb939912429c7786a67e40f0d, type: 3}
      propertyPath: m_LocalEulerAnglesHint.x
      value: 0
      objectReference: {fileID: 0}
    - target: {fileID: 6250577539179111349, guid: 319c9c4cb939912429c7786a67e40f0d, type: 3}
      propertyPath: m_LocalEulerAnglesHint.y
      value: 0
      objectReference: {fileID: 0}
    - target: {fileID: 6250577539179111349, guid: 319c9c4cb939912429c7786a67e40f0d, type: 3}
      propertyPath: m_LocalEulerAnglesHint.z
      value: 0
      objectReference: {fileID: 0}
    - target: {fileID: 6707005887722074733, guid: 319c9c4cb939912429c7786a67e40f0d, type: 3}
      propertyPath: m_Name
      value: CameraRigs.UnityXR
      objectReference: {fileID: 0}
    m_RemovedComponents: []
  m_SourcePrefab: {fileID: 100100000, guid: 319c9c4cb939912429c7786a67e40f0d, type: 3}
--- !u!4 &270879267 stripped
Transform:
  m_CorrespondingSourceObject: {fileID: 6250577539179111349, guid: 319c9c4cb939912429c7786a67e40f0d, type: 3}
  m_PrefabInstance: {fileID: 270879266}
  m_PrefabAsset: {fileID: 0}
--- !u!114 &270879268 stripped
MonoBehaviour:
  m_CorrespondingSourceObject: {fileID: 3013476052725209540, guid: 319c9c4cb939912429c7786a67e40f0d, type: 3}
  m_PrefabInstance: {fileID: 270879266}
  m_PrefabAsset: {fileID: 0}
  m_GameObject: {fileID: 0}
  m_Enabled: 1
  m_EditorHideFlags: 0
  m_Script: {fileID: 11500000, guid: 34c0cb8bdc24787439e43b7f145ac31c, type: 3}
  m_Name: 
  m_EditorClassIdentifier: 
--- !u!1 &705507993
GameObject:
  m_ObjectHideFlags: 0
  m_CorrespondingSourceObject: {fileID: 0}
  m_PrefabInstance: {fileID: 0}
  m_PrefabAsset: {fileID: 0}
  serializedVersion: 6
  m_Component:
  - component: {fileID: 705507995}
  - component: {fileID: 705507994}
  m_Layer: 0
  m_Name: Directional Light
  m_TagString: Untagged
  m_Icon: {fileID: 0}
  m_NavMeshLayer: 0
  m_StaticEditorFlags: 0
  m_IsActive: 1
--- !u!108 &705507994
Light:
  m_ObjectHideFlags: 0
  m_CorrespondingSourceObject: {fileID: 0}
  m_PrefabInstance: {fileID: 0}
  m_PrefabAsset: {fileID: 0}
  m_GameObject: {fileID: 705507993}
  m_Enabled: 1
  serializedVersion: 10
  m_Type: 1
  m_Shape: 0
  m_Color: {r: 1, g: 0.95686275, b: 0.8392157, a: 1}
  m_Intensity: 1
  m_Range: 10
  m_SpotAngle: 30
  m_InnerSpotAngle: 21.80208
  m_CookieSize: 10
  m_Shadows:
    m_Type: 2
    m_Resolution: -1
    m_CustomResolution: -1
    m_Strength: 1
    m_Bias: 0.05
    m_NormalBias: 0.4
    m_NearPlane: 0.2
    m_CullingMatrixOverride:
      e00: 1
      e01: 0
      e02: 0
      e03: 0
      e10: 0
      e11: 1
      e12: 0
      e13: 0
      e20: 0
      e21: 0
      e22: 1
      e23: 0
      e30: 0
      e31: 0
      e32: 0
      e33: 1
    m_UseCullingMatrixOverride: 0
  m_Cookie: {fileID: 0}
  m_DrawHalo: 0
  m_Flare: {fileID: 0}
  m_RenderMode: 0
  m_CullingMask:
    serializedVersion: 2
    m_Bits: 4294967295
  m_RenderingLayerMask: 1
  m_Lightmapping: 1
  m_LightShadowCasterMode: 0
  m_AreaSize: {x: 1, y: 1}
  m_BounceIntensity: 1
  m_ColorTemperature: 6570
  m_UseColorTemperature: 0
  m_BoundingSphereOverride: {x: 0, y: 0, z: 0, w: 0}
  m_UseBoundingSphereOverride: 0
  m_UseViewFrustumForShadowCasterCull: 1
  m_ShadowRadius: 0
  m_ShadowAngle: 0
--- !u!4 &705507995
Transform:
  m_ObjectHideFlags: 0
  m_CorrespondingSourceObject: {fileID: 0}
  m_PrefabInstance: {fileID: 0}
  m_PrefabAsset: {fileID: 0}
  m_GameObject: {fileID: 705507993}
  m_LocalRotation: {x: 0.40821788, y: -0.23456968, z: 0.10938163, w: 0.8754261}
  m_LocalPosition: {x: 0, y: 3, z: 0}
  m_LocalScale: {x: 1, y: 1, z: 1}
  m_ConstrainProportionsScale: 0
  m_Children: []
  m_Father: {fileID: 0}
  m_RootOrder: 0
  m_LocalEulerAnglesHint: {x: 50, y: -30, z: 0}
--- !u!1 &738379585
GameObject:
  m_ObjectHideFlags: 0
  m_CorrespondingSourceObject: {fileID: 0}
  m_PrefabInstance: {fileID: 0}
  m_PrefabAsset: {fileID: 0}
  serializedVersion: 6
  m_Component:
  - component: {fileID: 738379586}
  m_Layer: 0
  m_Name: CamaraRig
  m_TagString: Untagged
  m_Icon: {fileID: 0}
  m_NavMeshLayer: 0
  m_StaticEditorFlags: 0
  m_IsActive: 1
--- !u!4 &738379586
Transform:
  m_ObjectHideFlags: 0
  m_CorrespondingSourceObject: {fileID: 0}
  m_PrefabInstance: {fileID: 0}
  m_PrefabAsset: {fileID: 0}
  m_GameObject: {fileID: 738379585}
  m_LocalRotation: {x: 0, y: 0, z: 0, w: 1}
  m_LocalPosition: {x: 0, y: 0, z: 0}
  m_LocalScale: {x: 1, y: 1, z: 1}
  m_ConstrainProportionsScale: 0
  m_Children:
  - {fileID: 73624092}
  - {fileID: 270879267}
  m_Father: {fileID: 1003323245}
  m_RootOrder: 0
  m_LocalEulerAnglesHint: {x: 0, y: 0, z: 0}
--- !u!1001 &766954615
PrefabInstance:
  m_ObjectHideFlags: 0
  serializedVersion: 2
  m_Modification:
    m_TransformParent: {fileID: 1428451474}
    m_Modifications:
    - target: {fileID: 2401451272237937395, guid: 8b6302bdc05eb6c4a94d8029b1a93aa7, type: 3}
      propertyPath: m_Name
      value: Input.UnityInputManager.Oculus.TouchLeftController
      objectReference: {fileID: 0}
    - target: {fileID: 4933412265285294678, guid: 8b6302bdc05eb6c4a94d8029b1a93aa7, type: 3}
      propertyPath: m_RootOrder
      value: 0
      objectReference: {fileID: 0}
    - target: {fileID: 4933412265285294678, guid: 8b6302bdc05eb6c4a94d8029b1a93aa7, type: 3}
      propertyPath: m_LocalPosition.x
      value: 0
      objectReference: {fileID: 0}
    - target: {fileID: 4933412265285294678, guid: 8b6302bdc05eb6c4a94d8029b1a93aa7, type: 3}
      propertyPath: m_LocalPosition.y
      value: 0
      objectReference: {fileID: 0}
    - target: {fileID: 4933412265285294678, guid: 8b6302bdc05eb6c4a94d8029b1a93aa7, type: 3}
      propertyPath: m_LocalPosition.z
      value: 0
      objectReference: {fileID: 0}
    - target: {fileID: 4933412265285294678, guid: 8b6302bdc05eb6c4a94d8029b1a93aa7, type: 3}
      propertyPath: m_LocalRotation.w
      value: 1
      objectReference: {fileID: 0}
    - target: {fileID: 4933412265285294678, guid: 8b6302bdc05eb6c4a94d8029b1a93aa7, type: 3}
      propertyPath: m_LocalRotation.x
      value: 0
      objectReference: {fileID: 0}
    - target: {fileID: 4933412265285294678, guid: 8b6302bdc05eb6c4a94d8029b1a93aa7, type: 3}
      propertyPath: m_LocalRotation.y
      value: 0
      objectReference: {fileID: 0}
    - target: {fileID: 4933412265285294678, guid: 8b6302bdc05eb6c4a94d8029b1a93aa7, type: 3}
      propertyPath: m_LocalRotation.z
      value: 0
      objectReference: {fileID: 0}
    - target: {fileID: 4933412265285294678, guid: 8b6302bdc05eb6c4a94d8029b1a93aa7, type: 3}
      propertyPath: m_LocalEulerAnglesHint.x
      value: 0
      objectReference: {fileID: 0}
    - target: {fileID: 4933412265285294678, guid: 8b6302bdc05eb6c4a94d8029b1a93aa7, type: 3}
      propertyPath: m_LocalEulerAnglesHint.y
      value: 0
      objectReference: {fileID: 0}
    - target: {fileID: 4933412265285294678, guid: 8b6302bdc05eb6c4a94d8029b1a93aa7, type: 3}
      propertyPath: m_LocalEulerAnglesHint.z
      value: 0
      objectReference: {fileID: 0}
    m_RemovedComponents: []
  m_SourcePrefab: {fileID: 100100000, guid: 8b6302bdc05eb6c4a94d8029b1a93aa7, type: 3}
--- !u!4 &766954616 stripped
Transform:
  m_CorrespondingSourceObject: {fileID: 4933412265285294678, guid: 8b6302bdc05eb6c4a94d8029b1a93aa7, type: 3}
  m_PrefabInstance: {fileID: 766954615}
  m_PrefabAsset: {fileID: 0}
--- !u!1 &1003323244
GameObject:
  m_ObjectHideFlags: 0
  m_CorrespondingSourceObject: {fileID: 0}
  m_PrefabInstance: {fileID: 0}
  m_PrefabAsset: {fileID: 0}
  serializedVersion: 6
  m_Component:
  - component: {fileID: 1003323245}
  m_Layer: 0
  m_Name: VRTK
  m_TagString: Untagged
  m_Icon: {fileID: 0}
  m_NavMeshLayer: 0
  m_StaticEditorFlags: 0
  m_IsActive: 1
--- !u!4 &1003323245
Transform:
  m_ObjectHideFlags: 0
  m_CorrespondingSourceObject: {fileID: 0}
  m_PrefabInstance: {fileID: 0}
  m_PrefabAsset: {fileID: 0}
  m_GameObject: {fileID: 1003323244}
  m_LocalRotation: {x: 0, y: 0, z: 0, w: 1}
  m_LocalPosition: {x: 0, y: 0, z: 0}
  m_LocalScale: {x: 1, y: 1, z: 1}
  m_ConstrainProportionsScale: 0
  m_Children:
  - {fileID: 738379586}
  - {fileID: 89711086}
  - {fileID: 1428451474}
  - {fileID: 1021721694}
  m_Father: {fileID: 0}
  m_RootOrder: 1
  m_LocalEulerAnglesHint: {x: 0, y: 0, z: 0}
--- !u!1 &1021721693
GameObject:
  m_ObjectHideFlags: 0
  m_CorrespondingSourceObject: {fileID: 0}
  m_PrefabInstance: {fileID: 0}
  m_PrefabAsset: {fileID: 0}
  serializedVersion: 6
  m_Component:
  - component: {fileID: 1021721694}
  m_Layer: 0
  m_Name: Teleport
  m_TagString: Untagged
  m_Icon: {fileID: 0}
  m_NavMeshLayer: 0
  m_StaticEditorFlags: 0
  m_IsActive: 1
--- !u!4 &1021721694
Transform:
  m_ObjectHideFlags: 0
  m_CorrespondingSourceObject: {fileID: 0}
  m_PrefabInstance: {fileID: 0}
  m_PrefabAsset: {fileID: 0}
  m_GameObject: {fileID: 1021721693}
  m_LocalRotation: {x: -0, y: -0, z: -0, w: 1}
  m_LocalPosition: {x: 0, y: 0, z: 0}
  m_LocalScale: {x: 1, y: 1, z: 1}
  m_ConstrainProportionsScale: 0
  m_Children:
  - {fileID: 1449121439}
  m_Father: {fileID: 1003323245}
  m_RootOrder: 3
  m_LocalEulerAnglesHint: {x: 0, y: 0, z: 0}
--- !u!1 &1428451473
GameObject:
  m_ObjectHideFlags: 0
  m_CorrespondingSourceObject: {fileID: 0}
  m_PrefabInstance: {fileID: 0}
  m_PrefabAsset: {fileID: 0}
  serializedVersion: 6
  m_Component:
  - component: {fileID: 1428451474}
  m_Layer: 0
  m_Name: ControllerMaping
  m_TagString: Untagged
  m_Icon: {fileID: 0}
  m_NavMeshLayer: 0
  m_StaticEditorFlags: 0
  m_IsActive: 1
--- !u!4 &1428451474
Transform:
  m_ObjectHideFlags: 0
  m_CorrespondingSourceObject: {fileID: 0}
  m_PrefabInstance: {fileID: 0}
  m_PrefabAsset: {fileID: 0}
  m_GameObject: {fileID: 1428451473}
  m_LocalRotation: {x: 0, y: 0, z: 0, w: 1}
  m_LocalPosition: {x: 0, y: 0, z: 0}
  m_LocalScale: {x: 1, y: 1, z: 1}
  m_ConstrainProportionsScale: 0
  m_Children:
  - {fileID: 766954616}
  - {fileID: 1760040143}
  m_Father: {fileID: 1003323245}
  m_RootOrder: 2
  m_LocalEulerAnglesHint: {x: 0, y: 0, z: 0}
--- !u!1001 &1449121438
PrefabInstance:
  m_ObjectHideFlags: 0
  serializedVersion: 2
  m_Modification:
    m_TransformParent: {fileID: 1021721694}
    m_Modifications:
    - target: {fileID: 2787178629607972807, guid: 52f87534fdefc6b47aadeae3a66454d8, type: 3}
      propertyPath: m_Name
      value: Locomotors.Teleporter.Instant
      objectReference: {fileID: 0}
    - target: {fileID: 6759483569300406686, guid: 52f87534fdefc6b47aadeae3a66454d8, type: 3}
      propertyPath: offset
      value: 
      objectReference: {fileID: 73624094}
    - target: {fileID: 6759483569300406686, guid: 52f87534fdefc6b47aadeae3a66454d8, type: 3}
      propertyPath: target
      value: 
      objectReference: {fileID: 73624095}
    - target: {fileID: 8762128706450136148, guid: 52f87534fdefc6b47aadeae3a66454d8, type: 3}
      propertyPath: m_RootOrder
      value: 0
      objectReference: {fileID: 0}
    - target: {fileID: 8762128706450136148, guid: 52f87534fdefc6b47aadeae3a66454d8, type: 3}
      propertyPath: m_LocalPosition.x
      value: 0
      objectReference: {fileID: 0}
    - target: {fileID: 8762128706450136148, guid: 52f87534fdefc6b47aadeae3a66454d8, type: 3}
      propertyPath: m_LocalPosition.y
      value: 0
      objectReference: {fileID: 0}
    - target: {fileID: 8762128706450136148, guid: 52f87534fdefc6b47aadeae3a66454d8, type: 3}
      propertyPath: m_LocalPosition.z
      value: 0
      objectReference: {fileID: 0}
    - target: {fileID: 8762128706450136148, guid: 52f87534fdefc6b47aadeae3a66454d8, type: 3}
      propertyPath: m_LocalRotation.w
      value: 1
      objectReference: {fileID: 0}
    - target: {fileID: 8762128706450136148, guid: 52f87534fdefc6b47aadeae3a66454d8, type: 3}
      propertyPath: m_LocalRotation.x
      value: 0
      objectReference: {fileID: 0}
    - target: {fileID: 8762128706450136148, guid: 52f87534fdefc6b47aadeae3a66454d8, type: 3}
      propertyPath: m_LocalRotation.y
      value: 0
      objectReference: {fileID: 0}
    - target: {fileID: 8762128706450136148, guid: 52f87534fdefc6b47aadeae3a66454d8, type: 3}
      propertyPath: m_LocalRotation.z
      value: 0
      objectReference: {fileID: 0}
    - target: {fileID: 8762128706450136148, guid: 52f87534fdefc6b47aadeae3a66454d8, type: 3}
      propertyPath: m_LocalEulerAnglesHint.x
      value: 0
      objectReference: {fileID: 0}
    - target: {fileID: 8762128706450136148, guid: 52f87534fdefc6b47aadeae3a66454d8, type: 3}
      propertyPath: m_LocalEulerAnglesHint.y
      value: 0
      objectReference: {fileID: 0}
    - target: {fileID: 8762128706450136148, guid: 52f87534fdefc6b47aadeae3a66454d8, type: 3}
      propertyPath: m_LocalEulerAnglesHint.z
      value: 0
      objectReference: {fileID: 0}
    m_RemovedComponents: []
  m_SourcePrefab: {fileID: 100100000, guid: 52f87534fdefc6b47aadeae3a66454d8, type: 3}
--- !u!4 &1449121439 stripped
Transform:
  m_CorrespondingSourceObject: {fileID: 8762128706450136148, guid: 52f87534fdefc6b47aadeae3a66454d8, type: 3}
  m_PrefabInstance: {fileID: 1449121438}
  m_PrefabAsset: {fileID: 0}
--- !u!114 &1449121440 stripped
MonoBehaviour:
  m_CorrespondingSourceObject: {fileID: 6759483569300406686, guid: 52f87534fdefc6b47aadeae3a66454d8, type: 3}
  m_PrefabInstance: {fileID: 1449121438}
  m_PrefabAsset: {fileID: 0}
  m_GameObject: {fileID: 0}
  m_Enabled: 1
  m_EditorHideFlags: 0
  m_Script: {fileID: 11500000, guid: a11803ae5247db04b8ba76bdf0e5c67d, type: 3}
  m_Name: 
  m_EditorClassIdentifier: 
--- !u!1001 &1760040142
PrefabInstance:
  m_ObjectHideFlags: 0
  serializedVersion: 2
  m_Modification:
    m_TransformParent: {fileID: 1428451474}
    m_Modifications:
    - target: {fileID: 3381553035295552196, guid: 22992e2c80a06ba4db167f84e189e9fa, type: 3}
      propertyPath: m_Name
      value: Input.UnityInputManager.Oculus.TouchRightController
      objectReference: {fileID: 0}
    - target: {fileID: 3857693711571079995, guid: 22992e2c80a06ba4db167f84e189e9fa, type: 3}
      propertyPath: m_RootOrder
      value: 1
      objectReference: {fileID: 0}
    - target: {fileID: 3857693711571079995, guid: 22992e2c80a06ba4db167f84e189e9fa, type: 3}
      propertyPath: m_LocalPosition.x
      value: 0
      objectReference: {fileID: 0}
    - target: {fileID: 3857693711571079995, guid: 22992e2c80a06ba4db167f84e189e9fa, type: 3}
      propertyPath: m_LocalPosition.y
      value: 0
      objectReference: {fileID: 0}
    - target: {fileID: 3857693711571079995, guid: 22992e2c80a06ba4db167f84e189e9fa, type: 3}
      propertyPath: m_LocalPosition.z
      value: 0
      objectReference: {fileID: 0}
    - target: {fileID: 3857693711571079995, guid: 22992e2c80a06ba4db167f84e189e9fa, type: 3}
      propertyPath: m_LocalRotation.w
      value: 1
      objectReference: {fileID: 0}
    - target: {fileID: 3857693711571079995, guid: 22992e2c80a06ba4db167f84e189e9fa, type: 3}
      propertyPath: m_LocalRotation.x
      value: 0
      objectReference: {fileID: 0}
    - target: {fileID: 3857693711571079995, guid: 22992e2c80a06ba4db167f84e189e9fa, type: 3}
      propertyPath: m_LocalRotation.y
      value: 0
      objectReference: {fileID: 0}
    - target: {fileID: 3857693711571079995, guid: 22992e2c80a06ba4db167f84e189e9fa, type: 3}
      propertyPath: m_LocalRotation.z
      value: 0
      objectReference: {fileID: 0}
    - target: {fileID: 3857693711571079995, guid: 22992e2c80a06ba4db167f84e189e9fa, type: 3}
      propertyPath: m_LocalEulerAnglesHint.x
      value: 0
      objectReference: {fileID: 0}
    - target: {fileID: 3857693711571079995, guid: 22992e2c80a06ba4db167f84e189e9fa, type: 3}
      propertyPath: m_LocalEulerAnglesHint.y
      value: 0
      objectReference: {fileID: 0}
    - target: {fileID: 3857693711571079995, guid: 22992e2c80a06ba4db167f84e189e9fa, type: 3}
      propertyPath: m_LocalEulerAnglesHint.z
      value: 0
      objectReference: {fileID: 0}
    m_RemovedComponents: []
  m_SourcePrefab: {fileID: 100100000, guid: 22992e2c80a06ba4db167f84e189e9fa, type: 3}
--- !u!4 &1760040143 stripped
Transform:
  m_CorrespondingSourceObject: {fileID: 3857693711571079995, guid: 22992e2c80a06ba4db167f84e189e9fa, type: 3}
  m_PrefabInstance: {fileID: 1760040142}
  m_PrefabAsset: {fileID: 0}
--- !u!114 &1760040144 stripped
MonoBehaviour:
  m_CorrespondingSourceObject: {fileID: 5921159746195808977, guid: 22992e2c80a06ba4db167f84e189e9fa, type: 3}
  m_PrefabInstance: {fileID: 1760040142}
  m_PrefabAsset: {fileID: 0}
  m_GameObject: {fileID: 0}
  m_Enabled: 1
  m_EditorHideFlags: 0
  m_Script: {fileID: 11500000, guid: f374290a390ec5f46882b6c06f914834, type: 3}
  m_Name: 
  m_EditorClassIdentifier: 
--- !u!114 &1760040145 stripped
MonoBehaviour:
  m_CorrespondingSourceObject: {fileID: 6479893691762047530, guid: 22992e2c80a06ba4db167f84e189e9fa, type: 3}
  m_PrefabInstance: {fileID: 1760040142}
  m_PrefabAsset: {fileID: 0}
  m_GameObject: {fileID: 0}
  m_Enabled: 1
  m_EditorHideFlags: 0
  m_Script: {fileID: 11500000, guid: f374290a390ec5f46882b6c06f914834, type: 3}
  m_Name: 
  m_EditorClassIdentifier: 
